@article{Chandola,
 author = {Chandola, Varun and Banerjee, Arindam and Kumar, Vipin},
 title = {Anomaly Detection: A Survey},
 journal = {ACM Comput. Surv.},
 volume = {41},
 number = {3},
 month = jul,
 year = {2009},
 issn = {0360-0300},
 pages = {15:1--15:58},
 articleno = {15},
 numpages = {58},
 url = {http://doi.acm.org/10.1145/1541880.1541882},
 doi = {10.1145/1541880.1541882},
 acmid = {1541882},
 publisher = {ACM},
 address = {New York, NY, USA},
}

@article{Hodge,
 author = {Hodge, Victoria and Austin, Jim},
 title = {A Survey of Outlier Detection Methodologies},
 journal = {Artif. Intell. Rev.},
 volume = {22},
 number = {2},
 month = oct,
 year = {2004},
 issn = {0269-2821},
 pages = {85--126},
 numpages = {42},
 url = {https://doi.org/10.1023/B:AIRE.0000045502.10941.a9},
 doi = {10.1023/B:AIRE.0000045502.10941.a9},
 acmid = {1028946},
 publisher = {Kluwer Academic Publishers},
 address = {Norwell, MA, USA},
}

@article{Zhang,
 author = {Zhang, Yang and Meratnia, N. and Havinga, P.},
 title = {Outlier Detection Techniques for Wireless Sensor Networks: A Survey},
 journal = {Commun. Surveys Tuts.},
 volume = {12},
 number = {2},
 month = apr,
 year = {2010},
 issn = {1553-877X},
 pages = {159--170},
 numpages = {12},
 url = {https://doi.org/10.1109/SURV.2010.021510.00088},
 doi = {10.1109/SURV.2010.021510.00088},
 acmid = {2211357},
 publisher = {IEEE Press},
 address = {Piscataway, NJ, USA},
}

@article{a3e0f1cf080343d98cae7430cd6e43c4,
  title = "Outlier Detection for Temporal Data: A Survey",
  author = "Manish Gupta and Jing Gao and Aggarwal, {Charu C.} and Jiawei Han",
  year = "2014",
  month = "9",
  day = "1",
  doi = "10.1109/TKDE.2013.184",
  language = "English (US)",
  volume = "26",
  pages = "2250--2267",
  journal = "IEEE Transactions on Knowledge and Data Engineering",
  issn = "1041-4347",
  publisher = "IEEE Computer Society",
  number = "9",
}

@inproceedings{pewma,
  author={K. M. Carter and W. W. Streilein},
  booktitle={2012 IEEE Statistical Signal Processing Workshop (SSP)},
  title={Probabilistic reasoning for streaming anomaly detection},
  year={2012},
  volume={},
  number={},
  pages={377-380},
  doi={10.1109/SSP.2012.6319708},
  ISSN={2373-0803},
  month={Aug},
}

@article{Raza,
 author = {Raza, Haider and Prasad, Girijesh and Li, Yuhua},
 title = {EWMA Model Based Shift-detection Methods for Detecting Covariate Shifts in Non-stationary Environments},
 journal = {Pattern Recogn.},
 issue_date = {March 2015},
 volume = {48},
 number = {3},
 month = mar,
 year = {2015},
 issn = {0031-3203},
 pages = {659--669},
 numpages = {11},
 url = {http://dx.doi.org/10.1016/j.patcog.2014.07.028},
 doi = {10.1016/j.patcog.2014.07.028},
 acmid = {2774492},
 publisher = {Elsevier Science Inc.},
 address = {New York, NY, USA},
 keywords = {Covariate shift, Dataset shift-detection, EWMA, Non-stationary environments},
}

@article{2016arXiv160804585B,
  author = {{Burnaev}, E. and {Ishimtsev}, V.},
  title = "{Conformalized density- and distance-based anomaly detection in time-series data}",
  journal = {ArXiv e-prints},
  archivePrefix = "arXiv",
  eprint = {1608.04585},
  primaryClass = "stat.AP",
  keywords = {Statistics - Applications, Computer Science - Learning, Statistics - Machine Learning},
   year = 2016,
  month = aug,
  adsurl = {http://adsabs.harvard.edu/abs/2016arXiv160804585B},
  adsnote = {Provided by the SAO/NASA Astrophysics Data System},
}

@article{2017arXiv170603412I,
  author = {{Ishimtsev}, V. and {Nazarov}, I. and {Bernstein}, A. and {Burnaev}, E.},
  title = "{Conformal k-NN Anomaly Detector for Univariate Data Streams}",
  journal = {ArXiv e-prints},
  archivePrefix = "arXiv",
  eprint = {1706.03412},
  primaryClass = "stat.ML",
  keywords = {Statistics - Machine Learning, Computer Science - Data Structures and Algorithms, Statistics - Applications, Statistics - Computation, Statistics - Methodology},
   year = 2017,
  month = jun,
  adsurl = {http://adsabs.harvard.edu/abs/2017arXiv170603412I},
  adsnote = {Provided by the SAO/NASA Astrophysics Data System}
}

@misc{2018-Smirnov-ContextualAnomalyDetector,
  title = {Contextual {{Anomaly Detector}}. {{Contribute}} to Smirmik/{{CAD}} Development by Creating an Account on {{GitHub}}},
  copyright = {AGPL-3.0},
  author = {Smirnov, Mikhail},
  month = sep,
  year = {2018}
}

@inproceedings{7424283,
  author={A. Lavin and S. Ahmad},
  booktitle={2015 IEEE 14th International Conference on Machine Learning and Applications (ICMLA)},
  title={Evaluating Real-Time Anomaly Detection Algorithms -- The Numenta Anomaly Benchmark},
  year={2015},
  volume={},
  number={},
  pages={38-44},
  keywords={public domain software;real-time systems;security of data;time series;real-time anomaly detection algorithms;Numenta anomaly benchmark;data streaming;time-series data;NAB;open-source tools;statistics;commercially-used algorithms;Detectors;Real-time systems;Benchmark testing;Measurement;Detection algorithms;Standards;Algorithm design and analysis;anomaly detection;time-series data;benchmarks;streaming data},
  doi={10.1109/ICMLA.2015.141},
  ISSN={},
  month={Dec}
}
